@unpublished{mathlib4,
  author        = {{The mathlib Community}},
  title         = {Mathlib4},
  publisher     = {GitHub},
  journal       = {GitHub repository},
  note          = {GitHub repository. \url{https://github.com/leanprover-community/mathlib4}},
}

@unpublished{mathport,
  author        = {{The mathlib Community}},
  title         = {{Mathport}},
  publisher     = {GitHub},
  journal       = {GitHub repository},
  note          = {GitHub repository. \url{https://github.com/leanprover-community/mathport}},
}